% Use this file for citations not found in the ACL Anthology (contained in "anthology.bib").


@article{Ando2006,
	Author = {Zou, Shaofeng and Xu, Tengyu and Liang,  Yingbin},
	Issue_Date = {19/11/2019},
	Journal = {NeurIPS 2019},
	Title = {Finite-Sample Analysis for SARSA with Linear Function Approximation},
	Year = {2019}
}

@article{Ando2005,
	Author = {Lobel, Sam and Gottesman,  Omer and Allen, Cameron and Bagaria, Akhil and Konidaris, George},
	Issue_Date = {1/1/2022},
	Journal = {Proceedings of the AAAI Conference on Artificial Intelligence, 36},
	Title = {Optimistic Initialization for Exploration in Continuous Control},
	Year = {2022}
}


@article{Ando2007,
	Author = {Dabney, Will and Ostrovski,  Georg and Barreto, André},
	Issue_Date = {2/6/2020},
	Journal = {	arXiv},
	Title = {Temporally-Extended ε-Greedy Exploration},
	Year = {2020}
}


@article{Ando2008,
  Author       = {Chevalier-Boisvert, Maxime and Dai, Bolun and Towers, Mark and Lazcano, Rodrigo de  and Willems, Lucas and Lahlou, Salem and Pal, Suman  and Castro, Pablo Samuel and Terry, Jordan },
    Issue_Date = {1/1/2023},
    Journal      = {CoRR},
    Title        = {Minigrid \& Miniworld: Modular \& Customizable Reinforcement Learning Environments for Goal-Oriented Tasks},
    Volume       = {abs/2306.13831},
    Year         = {2023},
}




